<record xmlns="http://www.loc.gov/MARC21/slim" xmlns:xsi="http://www.w3.org/2001/XMLSchema-instance" xsi:schemaLocation="http://www.loc.gov/MARC21/slim http://www.loc.gov/standards/marcxml/schema/MARC21slim.xsd">

  <leader>00933nam a2200205Ia 4500</leader>
  <datafield tag="999" ind2=" " ind1=" ">
    <subfield code="c">1069</subfield>
    <subfield code="d">1069</subfield>
  </datafield>
  <controlfield tag="008">180529b2000    cr ||||| |||| 00| | spa d</controlfield>
  <datafield ind1=" " tag="020" ind2=" ">
    <subfield code="a">9977-67-624-0</subfield>
  </datafield>
  <datafield tag="090" ind2=" " ind1=" ">
    <subfield code="a">06.03.06 </subfield>
    <subfield code="b">947</subfield>
  </datafield>
  <datafield ind1="1" tag="100" ind2=" ">
    <subfield code="a">Gurdián Fernández, Alicia</subfield>
    <subfield code="e">Compilador/a </subfield>
    <subfield code="9">169</subfield>
  </datafield>
  <datafield ind1="1" tag="245" ind2="4">
    <subfield code="a">Una mirada crítica a la educación </subfield>
  </datafield>
  <datafield ind1=" " tag="260" ind2=" ">
    <subfield code="a">San José, C.R. :</subfield>
    <subfield code="b">Editorial de la Universidad de Costa Rica, </subfield>
    <subfield code="c">2000</subfield>
  </datafield>
  <datafield ind1=" " ind2=" " tag="300">
    <subfield code="a">264 páginas</subfield>
  </datafield>
  <datafield ind1=" " tag="520" ind2=" ">
    <subfield code="a">Este libro recopila las experiencias recientes, los resultados de investigación y las nuevas propuestas que generaron en el Primer Congreso Internacional de Educación Primaria "María Eugenia Dengo de Vargas", celebrado en enero de 1999 en Costa Rica.</subfield>
  </datafield>
  <datafield ind1="1" ind2="4" tag="650">
    <subfield code="a">EDUCACIÓN PRIMARIA</subfield>
    <subfield code="9">367</subfield>
  </datafield>
  <datafield ind2="4" tag="650" ind1="1">
    <subfield code="a">FAMILIA</subfield>
    <subfield code="9">404</subfield>
  </datafield>
  <datafield ind1="1" tag="650" ind2="4">
    <subfield code="a">GLOBALIZACIÓN</subfield>
    <subfield code="9">266</subfield>
  </datafield>
  <datafield tag="650" ind2="4" ind1="1">
    <subfield code="a">CAMBIO TECNOLÓGICO</subfield>
    <subfield code="9">1245</subfield>
  </datafield>
  <datafield tag="711" ind2=" " ind1=" ">
    <subfield code="9">3683</subfield>
    <subfield code="a">Congreso Internacional de Educación (1 : 1999 : San José, Costa Rica) </subfield>
  </datafield>
  <datafield ind2=" " tag="942" ind1=" ">
    <subfield code="2">z</subfield>
    <subfield code="c">01</subfield>
  </datafield>
</record>